<record xmlns="http://www.loc.gov/MARC21/slim" xmlns:xsi="http://www.w3.org/2001/XMLSchema-instance" xsi:schemaLocation="http://www.loc.gov/MARC21/slim http://www.loc.gov/standards/marcxml/schema/MARC21slim.xsd"><leader>00576cz   2200157n  4500</leader><controlfield tag="001">oca00360446 </controlfield><controlfield tag="005">19870313071053.5</controlfield><controlfield tag="008">791107n| acannaab|          |a aaa |||  </controlfield><datafield ind1=" " ind2=" " tag="010"><subfield code="a">n  79128938 </subfield></datafield><datafield ind1=" " ind2=" " tag="040"><subfield code="a">DLC</subfield><subfield code="c">DLC</subfield><subfield code="d">DLC</subfield></datafield><datafield ind1="1" ind2=" " tag="100"><subfield code="a">Dracontius, Blossius Aemilius,</subfield><subfield code="d">5th cent.</subfield></datafield><datafield ind1="0" ind2=" " tag="400"><subfield code="a">Draconcio,</subfield><subfield code="d">5th cent.</subfield></datafield><datafield ind1="0" ind2=" " tag="400"><subfield code="a">Draconzio,</subfield><subfield code="d">5th cent.</subfield></datafield><datafield ind1="0" ind2=" " tag="400"><subfield code="a">Dracontius,</subfield><subfield code="d">5th cent.</subfield></datafield><datafield ind1=" " ind2=" " tag="670"><subfield code="a">Marino, R. Concordanze della Orestis tragoedia di Draconzio, c1981:</subfield><subfield code="b">t.p. (Draconzio)</subfield></datafield><datafield ind1=" " ind2=" " tag="670"><subfield code="a">His Å&#x92;uvres, 1985- :</subfield><subfield code="b">v. 1, t.p. (Dracontius) p. 8 (full name: Blossius Aemilius Dracontius)</subfield></datafield></record>